<record><leader>00000cas a22000007a 4500</leader><controlfield tag="001">16069333</controlfield><controlfield tag="008">870624d191019uumsuwr ne      0    0eng d</controlfield><controlfield tag="009">1682</controlfield><datafield ind1=" " ind2=" " tag="010"><subfield code="a">sn 87065692 </subfield></datafield><datafield ind1=" " ind2=" " tag="040"><subfield code="a">MPC</subfield><subfield code="b">eng</subfield><subfield code="c">MPC</subfield><subfield code="d">MSJ</subfield><subfield code="d">OCLCQ</subfield></datafield><datafield ind1="1" ind2=" " tag="029"><subfield code="a">AU@</subfield><subfield code="b">000025474925</subfield></datafield><datafield ind1=" " ind2=" " tag="042"><subfield code="a">msc</subfield></datafield><datafield ind1="0" ind2="0" tag="245"><subfield code="a">Yazoo County news.</subfield></datafield><datafield ind1=" " ind2=" " tag="260"><subfield code="a">Yazoo City, Miss. :</subfield><subfield code="b">Burke &amp; McGuire,</subfield><subfield code="c">1910-</subfield></datafield><datafield ind1=" " ind2=" " tag="310"><subfield code="a">Weekly</subfield></datafield><datafield ind1="0" ind2=" " tag="362"><subfield code="a">Vol. 1, no. 1 (Feb. 14, 1910)-</subfield></datafield><datafield ind1=" " ind2=" " tag="752"><subfield code="a">United States</subfield><subfield code="b">Mississippi</subfield><subfield code="c">Yazoo</subfield><subfield code="d">Yazoo City.</subfield></datafield><datafield ind1="0" ind2="0" tag="780"><subfield code="t">Saturday evening news (Yazoo City, Miss.)</subfield><subfield code="w">(OCoLC)16069278</subfield></datafield><datafield ind1="0" ind2="4" tag="785"><subfield code="t">Yazoo semi-weekly sentinel</subfield><subfield code="w">(OCoLC)16671579</subfield></datafield></record>